@Book{beispielquelle,
 title = {Hürz},
 publisher = {Trololo Verlag},
 year = {1234},
 author = {Hans Würst}
}
